<collection xmlns="http://www.loc.gov/MARC21/slim">
<record>
  <leader>02074nam0a2200349 i 450 </leader>
  <controlfield tag="001">IT\ICCU\CNCE\031681</controlfield>
  <controlfield tag="005">20131129000000.0</controlfield>
  <datafield tag="012" ind1=" " ind2=" ">
    <subfield code="a">e.ab o*A. u.o. cima (3) 1543 (A)</subfield>
    <subfield code="2">fei</subfield>
  </datafield>
  <datafield tag="100" ind1=" " ind2=" ">
    <subfield code="a">19971205d1543        0itac0103    ba</subfield>
  </datafield>
  <datafield tag="101" ind1=" " ind2=" ">
    <subfield code="a">LAT</subfield>
  </datafield>
  <datafield tag="102" ind1=" " ind2=" ">
    <subfield code="a">IT</subfield>
  </datafield>
  <datafield tag="200" ind1="1" ind2=" ">
    <subfield code="a">℗Theoremata. Marci Antoni Zimarae Sancti Petrinatis, philosophi solertissimi Theoremata, seu memorabilium propositionum limitationes. Cum additionibus ab ipso authore post primam impressionem factis, quas, sub hoc signo ℗ nouiter reperies ... Index omniumtheorematum ac propositionum notabilium secundum alphabeti ordinem</subfield>
  </datafield>
  <datafield tag="210" ind1=" " ind2=" ">
    <subfield code="a">Venetijs</subfield>
    <subfield code="c">apud Hieronymum Scotum</subfield>
    <subfield code="d">1543</subfield>
    <subfield code="e">Venetijs</subfield>
    <subfield code="g">apud Hieronymum Scotum</subfield>
  </datafield>
  <datafield tag="215" ind1=" " ind2=" ">
    <subfield code="a">\6!, 101, \1! c.</subfield>
    <subfield code="d">4ʻ</subfield>
  </datafield>
  <datafield tag="620" ind1=" " ind2=" ">
    <subfield code="a">IT</subfield>
    <subfield code="d">Venezia</subfield>
  </datafield>
  <datafield tag="700" ind1=" " ind2="1">
    <subfield code="a">Zimara,</subfield>
    <subfield code="b">Marcantonio</subfield>
    <subfield code="3">IT\ICCU\CNCA\001004</subfield>
  </datafield>
  <datafield tag="712" ind1="0" ind2="0">
    <subfield code="a">Scoto, Girolamo</subfield>
    <subfield code="3">IT\ICCU\CNCT\000134</subfield>
    <subfield code="4">650</subfield>
  </datafield>
  <datafield tag="791" ind1="0" ind2="0">
    <subfield code="a">Scotto, Girolamo</subfield>
    <subfield code="3">IT\ICCU\CNCT\002826</subfield>
    <subfield code="z">Scoto, Girolamo</subfield>
  </datafield>
  <datafield tag="791" ind1="0" ind2="0">
    <subfield code="a">Schottus, Hieronymus</subfield>
    <subfield code="3">IT\ICCU\CNCT\004087</subfield>
    <subfield code="z">Scoto, Girolamo</subfield>
  </datafield>
  <datafield tag="791" ind1="0" ind2="0">
    <subfield code="a">Scotus, Hieronymus</subfield>
    <subfield code="3">IT\ICCU\CNCT\005629</subfield>
    <subfield code="z">Scoto, Girolamo</subfield>
  </datafield>
  <datafield tag="791" ind1="0" ind2="0">
    <subfield code="a">Scottus, Hieronymus</subfield>
    <subfield code="3">IT\ICCU\CNCT\005630</subfield>
    <subfield code="z">Scoto, Girolamo</subfield>
  </datafield>
  <datafield tag="791" ind1="0" ind2="0">
    <subfield code="a">Schotus, Hieronymus</subfield>
    <subfield code="3">IT\ICCU\CNCT\005631</subfield>
    <subfield code="z">Scoto, Girolamo</subfield>
  </datafield>
  <datafield tag="791" ind1="0" ind2="0">
    <subfield code="a">Scotti, Girolamo</subfield>
    <subfield code="3">IT\ICCU\CNCT\005632</subfield>
    <subfield code="z">Scoto, Girolamo</subfield>
  </datafield>
  <datafield tag="801" ind1=" " ind2="3">
    <subfield code="a">IT</subfield>
    <subfield code="b">ICCU</subfield>
    <subfield code="c">20201114</subfield>
  </datafield>
  <datafield tag="899" ind1=" " ind2=" ">
    <subfield code="a">Biblioteca comunale. Cupramontana</subfield>
    <subfield code="1">AN0031</subfield>
    <subfield code="2">URB C4</subfield>
  </datafield>
  <datafield tag="899" ind1=" " ind2=" ">
    <subfield code="a">Biblioteca Apostolica Vaticana. Citt ̉del Vaticano</subfield>
    <subfield code="1">EX0001</subfield>
    <subfield code="2">ZCV 01</subfield>
  </datafield>
  <datafield tag="899" ind1=" " ind2=" ">
    <subfield code="a">Biblioteca provinciale dei Cappuccini. Firenze</subfield>
    <subfield code="1">FI0041</subfield>
    <subfield code="2">RT1 PC</subfield>
  </datafield>
  <datafield tag="899" ind1=" " ind2=" ">
    <subfield code="a">Biblioteca comunale Pietro Siciliani. Galatina</subfield>
    <subfield code="1">LE0209</subfield>
    <subfield code="2">LEK SF</subfield>
  </datafield>
  <datafield tag="899" ind1=" " ind2=" ">
    <subfield code="a">Biblioteca comunale Augusta. Perugia</subfield>
    <subfield code="1">PG0109</subfield>
    <subfield code="2">UM1 01</subfield>
  </datafield>
  <datafield tag="899" ind1=" " ind2=" ">
    <subfield code="a">Biblioteca comunale Leonardo Centonze. Castelvetrano</subfield>
    <subfield code="z">MUTILO</subfield>
    <subfield code="1">TP0059</subfield>
    <subfield code="2">TPS CV</subfield>
  </datafield>
  <datafield tag="911" ind1=" " ind2=" ">
    <subfield code="a">Sul front.</subfield>
    <subfield code="9">IT\ICCU\CNCM\000128</subfield>
  </datafield>
  <datafield tag="921" ind1=" " ind2=" ">
    <subfield code="a">IT\ICCU\CNCM\000128</subfield>
    <subfield code="b">Ancora tra un ramo di olivo e un ramo di palma germoglianti da un tronco, e congiunti dalle iniziali S.O.S.</subfield>
    <subfield code="e">In tenebris fulget</subfield>
    <subfield code="c">Z65</subfield>
    <subfield code="d">Dimensioni: 9 x 9,5</subfield>
    <subfield code="f">ANCORA</subfield>
    <subfield code="f">INTENEBRIS</subfield>
    <subfield code="f">RAMI</subfield>
    <subfield code="f">SOS</subfield>
    <subfield code="f">TRONCO</subfield>
    <subfield code="g">1539-1551</subfield>
  </datafield>
</record>
</collection>
